@book{locke2013some,
  title={Some Thoughts Concerning Education: (Including Of the Conduct of the Understanding)},
  author={Locke, J.},
  series={The Works of John Locke in Nine Volumes},
  url={https://oll.libertyfund.org/titles/locke-the-works-vol-8-some-thoughts-concerning-education-posthumous-works-familiar-letters},
  year={1690},
  note={Accessed on 05.05.2019}
  }
  
  @book{lockey2,
  title={An Essay Concerning Human Understanding, Chapter 2},
  author={Locke, J.},
  volume={1},
  url={ftp://ftp.dca.fee.unicamp.br/pub/docs/ia005/humanund.pdf},
  year={1690},
  note={Accessed on 05.05.2019}
  }


@article{education,
	title={The Importance Of Elementary Education Education Essay},
	url={https://www.ukessays.com/essays/education/the-importance-of-elementary-education-education-essay.php?vref=1},
	year={2018},
	note={Accessed on 06.05.2019}
}

@manual{pluto,
	title={On Listening to Lectures},
	author={Plutarch},
	note={Moralia, 48C; Loeb, 197, 256-7}
	
}

@article{classsize,
author = {Shin, I.-S and Chung, Jae Young},
year = {2009},
month = {01},
note={Accessed on 06.05.2019},
pages = {3-19},
title = {Class size and student achievement in the United States: A meta-analysis},
volume = {6},
journal = {KEDI Journal of Educational Policy}
}

@article{crimeeco,
author = {Eide, Erling and Rubin, Paul and M. Shepherd, Joanna},
year = {1978},
month = {01},
pages = {},
note={Accessed on 06.05.2019},
title = {Economics of Crime},
volume = {2},
journal = {Foundations and Trends® in Microeconomics},
doi = {10.1561/0700000014}
}

@article{bulying,
    author = {Sourander, Andre and Jensen, Peter and Rönning, John A. and Elonheimo, Henrik and Niemelä, Solja and Helenius, Hans and Kumpulainen, Kirsti and Piha, Jorma and Tamminen, Tuula and Moilanen, Irma and Almqvist, Fredrik},
    title = "{Childhood Bullies and Victims and Their Risk of Criminality in Late Adolescence: The Finnish From a Boy to a Man Study}",
    journal = {JAMA Pediatrics},
    volume = {161},
    number = {6},
    pages = {546-552},
    year = {2007},
    month = {06},
    issn = {2168-6203},
    doi = {10.1001/archpedi.161.6.546},
    url = {https://doi.org/10.1001/archpedi.161.6.546},
    eprint = {https://jamanetwork.com/journals/jamapediatrics/articlepdf/570579/poa70017\_546\_552.pdf},
}




https://jamanetwork.com/journals/jamapediatrics/fullarticle/570579
@article{employment,
author = {Jacob Mincer},
year = {1993},
month = {9},
pages = {},
title = {Education and Unemployment},
volume = {2},
journal = {Studies in Human Capital, Elgar Publishers},
doi = {10.3386/w3838}
}

@manual{tablecrime,
	title={Crime in the United State by Volume and Rate per 100000 Inhabitants, 1997-2016},
	note={accessed on 06.06.2019},
	organization={U.S. Criminal Justice Information Services Division},
	url={https://ucr.fbi.gov/crime-in-the-u.s/2016/crime-in-the-u.s.-2016/tables/table-1}
}

@manual{tableteacher,
	title={Number of teachers in elementary and secondary schools. Selected years, fall 1970 through fall 2018},
	note={accessed on 06.06.2019},
	organization={U.S. Department of Education, National Center for Education Statistics},
	url={https://nces.ed.gov/programs/digest/d09/tables/dt09_004.asp}
}













